@book{textbook,
  title={Probability and Statistics for Engineers and Scientists},
  author={Walpole, R.E. and Myers, R.H. and Myers, S.L. and Ye, K.},
  isbn={9780321629111},
  lccn={2010004857},
  url={http://books.google.com/books?id=tzZxRQAACAAJ},
  year={2010},
  publisher={Pearson Education}
}
